@online{NMF,
author = {Schmidt, Mikkel and Kongsgaard Olsson, Rasmus},
year = {2006},
month = {01},
pages = {},
title = {Single-channel speech separation using sparse non-negative matrix factorization}
}